@article{demand_analysis,
    author = {Peyton Jones, Simon and Sestoft, Peter and Hughes, John},
    title = {Demand analysis[draft]},
    year = 2006
}

@inproceedings{Launchbury:1993:NSL:158511.158618,
 author = {Launchbury, John},
 title = {A Natural Semantics for Lazy Evaluation},
 booktitle = {Proceedings of the 20th ACM SIGPLAN-SIGACT Symposium on Principles of Programming Languages},
 series = {POPL '93},
 year = {1993},
 isbn = {0-89791-560-7},
 location = {Charleston, South Carolina, USA},
 pages = {144--154},
 numpages = {11},
 url = {http://doi.acm.org/10.1145/158511.158618},
 doi = {10.1145/158511.158618},
 acmid = {158618},
 publisher = {ACM},
 address = {New York, NY, USA},
}
